<record><leader>00000cas a2200000 a 4500</leader><controlfield tag="001">9856569</controlfield><controlfield tag="008">830829d19721973aru x ne      0   a0eng d</controlfield><controlfield tag="009">1356</controlfield><datafield ind1=" " ind2=" " tag="010"><subfield code="a">sn 88051069 </subfield></datafield><datafield ind1=" " ind2=" " tag="040"><subfield code="a">AFU</subfield><subfield code="b">eng</subfield><subfield code="c">AFU</subfield><subfield code="d">ANU</subfield><subfield code="d">OCL</subfield><subfield code="d">OCLCQ</subfield></datafield><datafield ind1=" " ind2=" " tag="042"><subfield code="a">msc</subfield></datafield><datafield ind1="0" ind2=" " tag="130"><subfield code="a">Down home (Eureka Springs, Ark.)</subfield></datafield><datafield ind1="0" ind2="0" tag="245"><subfield code="a">Down home.</subfield></datafield><datafield ind1=" " ind2=" " tag="260"><subfield code="a">Eureka Springs, Ark. :</subfield><subfield code="b">[s.n.]</subfield></datafield><datafield ind1=" " ind2=" " tag="300"><subfield code="a">2 v. :</subfield><subfield code="b">ill. ;</subfield><subfield code="c">35 cm.</subfield></datafield><datafield ind1=" " ind2=" " tag="310"><subfield code="a">Frequency varies</subfield></datafield><datafield ind1="0" ind2=" " tag="362"><subfield code="a">Vol. 1, no. 1 (June 1972)-v. 2, no. 2 (Feb. 1973).</subfield></datafield><datafield ind1=" " ind2="4" tag="651"><subfield code="a">Eureka Springs (Ark.)</subfield><subfield code="v">Newspapers.</subfield></datafield><datafield ind1=" " ind2="4" tag="651"><subfield code="a">Carroll County (Ark.)</subfield><subfield code="v">Newspapers.</subfield></datafield><datafield ind1=" " ind2=" " tag="752"><subfield code="a">United States</subfield><subfield code="b">Arkansas</subfield><subfield code="c">Carroll</subfield><subfield code="d">Eureka Springs.</subfield></datafield></record>